%General Proceedings for the WSDM Conference
@proceedings{DBLP:conf/wsdm/2015,
  editor    = {Xueqi Cheng and
    Hang Li and
      Evgeniy Gabrilovich and
      Jie Tang},
  title     = {Proceedings of the Eighth {ACM} International Conference on Web Search
    and Data Mining, {WSDM} 2015, Shanghai, China, February 2-6, 2015},
  publisher = {{ACM}},
  year      = {2015},
  url       = {http://dl.acm.org/citation.cfm?id=2684822},
  isbn      = {978-1-4503-3317-7},
  timestamp = {Thu, 29 Jan 2015 08:11:41 +0100},
  biburl    = {http://dblp.uni-trier.de/rec/bib/conf/wsdm/2015},
  bibsource = {dblp computer science bibliography, http://dblp.org}
}

%Sarcasm Detection on Twitter
@inproceedings{DBLP:conf/wsdm/RajadesinganZL15,
  author    = {Ashwin Rajadesingan and
    Reza Zafarani and
      Huan Liu},
  title     = {Sarcasm Detection on Twitter: {A} Behavioral Modeling Approach},
  booktitle = {Proceedings of the Eighth {ACM} International Conference on Web Search
    and Data Mining, {WSDM} 2015, Shanghai, China, February 2-6, 2015},
  pages     = {97--106},
  year      = {2015},
  crossref  = {DBLP:conf/wsdm/2015},
  url       = {http://doi.acm.org/10.1145/2684822.2685316},
  doi       = {10.1145/2684822.2685316},
  timestamp = {Thu, 29 Jan 2015 08:19:27 +0100},
  biburl    = {http://dblp.uni-trier.de/rec/bib/conf/wsdm/RajadesinganZL15},
  bibsource = {dblp computer science bibliography, http://dblp.org}
}

%Community Discovery
@inproceedings{Liu:2015:INC:2684822.2685323,
  author = {Liu, Jialu and Aggarwal, Charu and Han, Jiawei},
  title = {On Integrating Network and Community Discovery},
  booktitle = {Proceedings of the Eighth ACM International Conference on Web Search and Data Mining},
  series = {WSDM '15},
  year = {2015},
  isbn = {978-1-4503-3317-7},
  location = {Shanghai, China},
  pages = {117--126},
  numpages = {10},
  url = {http://doi.acm.org.ezproxy.rit.edu/10.1145/2684822.2685323},
  doi = {10.1145/2684822.2685323},
  acmid = {2685323},
  publisher = {ACM},
  address = {New York, NY, USA},
  keywords = {community detection, network discovery},
} 

%Spread of influence in social media
@inproceedings{kdd03-cornell,
  author    = {David Kempe and
    Jon Kleinberg and
      Eva Tardos},
  title     = {Maximizing the Spread of Influence through a Social
    Network}
  year      = {2003},
            url       = {http://www.cs.cornell.edu/home/kleinber/kdd03-inf.pdf}
}

%Negative link prediction in social media
@inproceedings{Tang:2015:NLP:2684822.2685295,
  author = {Tang, Jiliang and Chang, Shiyu and Aggarwal, Charu and Liu, Huan},
  title = {Negative Link Prediction in Social Media},
  booktitle = {Proceedings of the Eighth ACM International Conference on Web Search and Data Mining},
  series = {WSDM '15},
  year = {2015},
  isbn = {978-1-4503-3317-7},
  location = {Shanghai, China},
  pages = {87--96},
  numpages = {10},
  url = {http://doi.acm.org.ezproxy.rit.edu/10.1145/2684822.2685295},
  doi = {10.1145/2684822.2685295},
  acmid = {2685295},
  publisher = {ACM},
  address = {New York, NY, USA},
  keywords = {negative link prediction, negative links, signed social networks, social media},
} 

%Powers of random neighbors in social networks
@inproceedings{DBLP:conf/wsdm/LattanziS15,
  author    = {Silvio Lattanzi and
    Yaron Singer},
  title     = {The Power of Random Neighbors in Social Networks},
  booktitle = {Proceedings of the Eighth {ACM} International Conference on Web Search
    and Data Mining, {WSDM} 2015, Shanghai, China, February 2-6, 2015},
  pages     = {77--86},
  year      = {2015},
  crossref  = {DBLP:conf/wsdm/2015},
  url       = {http://doi.acm.org/10.1145/2684822.2685293},
  doi       = {10.1145/2684822.2685293},
  timestamp = {Thu, 29 Jan 2015 08:19:27 +0100},
  biburl    = {http://dblp.uni-trier.de/rec/bib/conf/wsdm/LattanziS15},
  bibsource = {dblp computer science bibliography, http://dblp.org}
}

%Tweets predicting citations
@proceedings{PMC:articles/PMC3278109,
  author    = {Anne Federer},
  title     = {Can Tweets Predict Citations? Metrics of Social 
    Impact Based on Twitter and Correlation with Traditional Metrics 
      of Scientific Impact}, 
  booktitle = {Journal of Medical Internet Research},
  year      = {2011:13},
  url       = {http://www.ncbi.nlm.nih.gov/pmc/articles/PMC3278109/}
}

%Graph clustering algo
@incollection{GraphClustering,
  year={2003},
  isbn={978-3-540-20064-2},
  booktitle={Algorithms - ESA 2003},
  volume={2832},
  series={Lecture Notes in Computer Science},
  editor={Di Battista, Giuseppe and Zwick, Uri},
  doi={10.1007/978-3-540-39658-1_52},
  title={Experiments on Graph Clustering Algorithms},
  url={http://dx.doi.org/10.1007/978-3-540-39658-1_52},
  publisher={Springer Berlin Heidelberg},
  author={Brandes, Ulrik and Gaertler, Marco and Wagner, Dorothea},
  pages={568-579},
  language={English}
}
